@book{MoellerS20,
  title        = {Static Program Analysis},
  author       = {Anders MÃ¸ller and Michael I. Schwartzbach},
  year         = {2020},
  month        = {November},
  url          = {https://cs.au.dk/~amoeller/spa/},
  researchr    = {https://researchr.org/publication/MoellerS20},
  cites        = {0},
  citedby      = {0},
  organization = {Department of Computer Science, Aarhus University}
}
@inproceedings{4362893,
  author    = {Moor, Oege de and Verbaere, Mathieu and Hajiyev, Elnar and Avgustinov, Pavel and Ekman, Torbjorn and Ongkingco, Neil and Sereni, Damien and Tibble, Julian},
  booktitle = {Seventh IEEE International Working Conference on Source Code Analysis and Manipulation (SCAM 2007)},
  title     = {Keynote Address: .QL for Source Code Analysis},
  year      = {2007},
  volume    = {},
  number    = {},
  pages     = {3-16},
  keywords  = {},
  doi       = {10.1109/SCAM.2007.31}
}
@misc{li2024llmassistedstaticanalysisdetecting,
  title         = {{LLM}-Assisted Static Analysis for Detecting Security Vulnerabilities},
  author        = {Ziyang Li and Saikat Dutta and Mayur Naik},
  year          = {2024},
  eprint        = {2405.17238},
  archiveprefix = {arXiv},
  primaryclass  = {cs.CR},
  url           = {https://arxiv.org/abs/2405.17238}
}
